@article{ParnasAndClements,
	Author = {David L. Parnas and P.C. Clements},
	Date-Added = {2015-03-26 16:00:55 +0000},
	Date-Modified = {2015-03-26 16:00:55 +0000},
	Journal = {IEEE Transactions on Software Engineering},
	Number = {2},
	Pages = {251--257},
	Title = {A Rational Design Process: How and Why to Fake it},
	Volume = {12},
	Year = {February 1986}
 }

@article{MathsModel,
    title = {Mathematical Model to Study Solar Cookers Box-Type with Internal Reflectors},
    journal = {Energy Procedia},
    volume = {57},
    pages = {1583-1592},
    year = {2014},
    note = {2013 ISES Solar World Congress},
    issn = {1876-6102},
    author = {Hilario Terres and Arturo Lizardi and Raymundo L√≥pez and Mabel Vaca and Sandra Ch√°vez},
}

@article{NovelBoxType,
    title = {A novel advanced box-type solar cooker},
    journal = {Solar Energy},
    volume = {47},
    number = {2},
    pages = {107-113},
    year = {1991},
    issn = {0038-092X},
    doi = {https://doi.org/10.1016/0038-092X(91)90041-T},
    url = {https://www.sciencedirect.com/science/article/pii/0038092X9190041T},
    author = {Michael Grupp and Pierre Montagne and Mathis Wackernagel},
}


@inproceedings{SmithAndLai2005,
	Address = {Paris, France},
	Author = {W. Spencer Smith and Lei Lai},
	Booktitle = {Proceedings of the First International Workshop on Situational Requirements Engineering Processes -- Methods, Techniques and Tools to Support Situation-Specific Requirements Engineering Processes, SREP'05},
	Date-Added = {2014-10-03 23:54:42 +0000},
	Date-Modified = {2014-10-03 23:54:42 +0000},
	Editor = {J. Ralyt\'{e} and P. \.{A}gerfalk and N. Kraiem},
	Local-Url = {file://localhost/Users/smiths/Work/Research/Papers/SREP05/SREP05_ReformatAndRevise/SmithAndLai_2005.pdf},
	Organization = {In conjunction with 13th IEEE International Requirements Engineering Conference},
	Pages = {107--121},
	Title = {A New Requirements Template for Scientific Computing},
	Year = {2005},
	Bdsk-File-1 = {YnBsaXN0MDDUAQIDBAUGJCVYJHZlcnNpb25YJG9iamVjdHNZJGFyY2hpdmVyVCR0b3ASAAGGoKgHCBMUFRYaIVUkbnVsbNMJCgsMDxJXTlMua2V5c1pOUy5vYmplY3RzViRjbGFzc6INDoACgAOiEBGABIAFgAdccmVsYXRpdmVQYXRoWWFsaWFzRGF0YV8QLC4uL1JlZmVyZW5jZXNPZkludGVyZXN0L1NtaXRoQW5kTGFpXzIwMDUucGRm0hcLGBlXTlMuZGF0YU8RAdQAAAAAAdQAAgAADE1hY2ludG9zaCBIRAAAAAAAAAAAAAAAAAAAAM6Xc4NIKwAABLHl1xRTbWl0aEFuZExhaV8yMDA1LnBkZgAAAAAAAAAAAAAAAAAAAAAAAAAAAAAAAAAAAAAAAAAAAAAAAAAAAAAAAAAEseYO0Ra5NwAAAAAAAAAAAAEAAgAACSAAAAAAAAAAAAAAAAAAAAAUUmVmZXJlbmNlc09mSW50ZXJlc3QAEAAIAADOl6vDAAAAEQAIAADRFv+HAAAAAQAUBLHl1wSx5X0AEhWnAAj3ZgACZI4AAgBSTWFjaW50b3NoIEhEOlVzZXJzOgBzbWl0aHM6AFJlcG9zOgBwY206AFJlZmVyZW5jZXNPZkludGVyZXN0OgBTbWl0aEFuZExhaV8yMDA1LnBkZgAOACoAFABTAG0AaQB0AGgAQQBuAGQATABhAGkAXwAyADAAMAA1AC4AcABkAGYADwAaAAwATQBhAGMAaQBuAHQAbwBzAGgAIABIAEQAEgBAVXNlcnMvc21pdGhzL1JlcG9zL3BjbS9SZWZlcmVuY2VzT2ZJbnRlcmVzdC9TbWl0aEFuZExhaV8yMDA1LnBkZgATAAEvAAAVAAIADf//AACABtIbHB0eWiRjbGFzc25hbWVYJGNsYXNzZXNdTlNNdXRhYmxlRGF0YaMdHyBWTlNEYXRhWE5TT2JqZWN00hscIiNcTlNEaWN0aW9uYXJ5oiIgXxAPTlNLZXllZEFyY2hpdmVy0SYnVHJvb3SAAQAIABEAGgAjAC0AMgA3AEAARgBNAFUAYABnAGoAbABuAHEAcwB1AHcAhACOAL0AwgDKAqICpAKpArQCvQLLAs8C1gLfAuQC8QL0AwYDCQMOAAAAAAAAAgEAAAAAAAAAKAAAAAAAAAAAAAAAAAAAAxA=},
	Bdsk-File-2 = {YnBsaXN0MDDUAQIDBAUGJCVYJHZlcnNpb25YJG9iamVjdHNZJGFyY2hpdmVyVCR0b3ASAAGGoKgHCBMUFRYaIVUkbnVsbNMJCgsMDxJXTlMua2V5c1pOUy5vYmplY3RzViRjbGFzc6INDoACgAOiEBGABIAFgAdccmVsYXRpdmVQYXRoWWFsaWFzRGF0YV8QUi4uLy4uLy4uL1dvcmsvUmVzZWFyY2gvUGFwZXJzL1NSRVAwNS9TUkVQMDVfUmVmb3JtYXRBbmRSZXZpc2UvU21pdGhBbmRMYWlfMjAwNS5wZGbSFwsYGVdOUy5kYXRhTxECDgAAAAACDgACAAAMTWFjaW50b3NoIEhEAAAAAAAAAAAAAAAAAAAAzpdzg0grAAAAF0DvFFNtaXRoQW5kTGFpXzIwMDUucGRmAAAAAAAAAAAAAAAAAAAAAAAAAAAAAAAAAAAAAAAAAAAAAAAAAAAAAAAAAAAXntPPIuJUAAAAAAAAAAAAAwAGAAAJIAAAAAAAAAAAAAAAAAAAABhTUkVQMDVfUmVmb3JtYXRBbmRSZXZpc2UAEAAIAADOl6vDAAAAEQAIAADPIyikAAAAAQAcABdA7wAXC3oAFwILABcATQAW/e0ACPdmAAJkjgACAGpNYWNpbnRvc2ggSEQ6VXNlcnM6AHNtaXRoczoAV29yazoAUmVzZWFyY2g6AFBhcGVyczoAU1JFUDA1OgBTUkVQMDVfUmVmb3JtYXRBbmRSZXZpc2U6AFNtaXRoQW5kTGFpXzIwMDUucGRmAA4AKgAUAFMAbQBpAHQAaABBAG4AZABMAGEAaQBfADIAMAAwADUALgBwAGQAZgAPABoADABNAGEAYwBpAG4AdABvAHMAaAAgAEgARAASAFZVc2Vycy9zbWl0aHMvV29yay9SZXNlYXJjaC9QYXBlcnMvU1JFUDA1L1NSRVAwNV9SZWZvcm1hdEFuZFJldmlzZS9TbWl0aEFuZExhaV8yMDA1LnBkZgATAAEvAAAVAAIADf//AACABtIbHB0eWiRjbGFzc25hbWVYJGNsYXNzZXNdTlNNdXRhYmxlRGF0YaMdHyBWTlNEYXRhWE5TT2JqZWN00hscIiNcTlNEaWN0aW9uYXJ5oiIgXxAPTlNLZXllZEFyY2hpdmVy0SYnVHJvb3SAAQAIABEAGgAjAC0AMgA3AEAARgBNAFUAYABnAGoAbABuAHEAcwB1AHcAhACOAOMA6ADwAwIDBAMJAxQDHQMrAy8DNgM/A0QDUQNUA2YDaQNuAAAAAAAAAgEAAAAAAAAAKAAAAAAAAAAAAAAAAAAAA3A=}}

@mastersthesis{Koothoor2013,
	Address = {Hamilton, Ontario, Canada},
	Author = {Nirmitha Koothoor},
	School = {McMaster University},
	Title = {A Document Drive Approach to Certifying Scientific Computing Software},
	Url = {http://hdl.handle.net/11375/13266},
	Year = {2013},
	Bdsk-Url-1 = {http://hdl.handle.net/11375/13266}}


@book{rediationdef,
    title     = "Thermal Energy Storage : Systems and Applications",
    author    = "Dinçer, Ibrahim, and Marc A. Rosen",
    year      = 2010,
    publisher = "John Wiley & Sons",
    address   = "Canada"}


@article{cookingpower,
author = {Terres, H and Lizardi, A and Chávez, Sayra and López, R and Mier, Mabel},
year = {2017},
month = {01},
pages = {012013},
title = {Evaluation of the cooking power in three different solar cookers box-type},
volume = {792},
journal = {Journal of Physics: Conference Series},
doi = {10.1088/1742-6596/792/1/012013}
}
